@book{Sedgewick:1996:IAA:227351,
 author = {Sedgewick, Robert and Flajolet, Philippe},
 title = {An introduction to the analysis of algorithms},
 year = {1996},
 isbn = {0-201-40009-X},
 publisher = {Addison-Wesley Longman Publishing Co., Inc.},
 address = {Boston, MA, USA},
} 

@book{McConnell:2007:AA:1374801,
 author = {McConnell, Jeffrey J.},
 title = {Analysis of Algorithms},
 year = {2007},
 isbn = {9780763707828},
 edition = {2},
 publisher = {Jones and Bartlett Publishers, Inc.},
 address = {USA},
} 


@article{Sleator:1985:SBS:3828.3835,
 author = {Sleator, Daniel Dominic and Tarjan, Robert Endre},
 title = {Self-adjusting binary search trees},
 journal = {J. ACM},
 issue_date = {July 1985},
 volume = {32},
 number = {3},
 month = jul,
 year = {1985},
 issn = {0004-5411},
 pages = {652--686},
 numpages = {35},
 url = {http://doi.acm.org/10.1145/3828.3835},
 doi = {10.1145/3828.3835},
 acmid = {3835},
 publisher = {ACM},
 address = {New York, NY, USA},
} 

@incollection{Bayer:2002:BDP:944331.944346,
 author = {Bayer, Rudolf},
 chapter = {B-trees and databases, past and future},
 title = {Software pioneers},
 editor = {Broy, Manfred and Denert, Ernst},
 year = {2002},
 isbn = {3-540-43081-4},
 pages = {232--244},
 numpages = {13},
 url = {http://dl.acm.org/citation.cfm?id=944331.944346},
 acmid = {944346},
 publisher = {Springer-Verlag New York, Inc.},
 address = {New York, NY, USA},
} 

@article{Adelson-Velskii_Landis_1962, 
  title = {An algorithm for the organization of information}, 
  volume = {3}, 
  url = {http://en.scientificcommons.org/19884302}, 
  number = {2}, 
  journal = {Soviet Mathematics Doklady}, 
  publisher = {JOINT PUBLICATIONS RESEARCH SERVICE WASHINGTON DC}, 
  author = {Adelson-Velskii, G M and Landis, E M}, 
  year={1962}, 
  pages={263--266}
}
                  
@article{Tan:1972:FIS:361573.361588,
 author = {Tan, K. C.},
 title = {On Foster's information storage and retrieval using AVL trees},
 journal = {Commun. ACM},
 issue_date = {Sept. 1972},
 volume = {15},
 number = {9},
 month = sep,
 year = {1972},
 issn = {0001-0782},
 pages = {843--},
 url = {http://doi.acm.org/10.1145/361573.361588},
 doi = {10.1145/361573.361588},
 acmid = {361588},
 publisher = {ACM},
 address = {New York, NY, USA},
 keywords = {binary trees, information retrieval, information storage, search trees},
} 

@book{Kiczales:1991:AMP:574212,
 author = {Kiczales, Gregor and Rivieres, Jim Des},
 title = {The  Art of the Metaobject Protocol},
 year = {1991},
 isbn = {0262111586},
 publisher = {MIT Press},
 address = {Cambridge, MA, USA},
} 

@article{Porter:1984:CDI:964965.808606,
 author = {Porter, Thomas and Duff, Tom},
 title = {Compositing Digital Images},
 journal = {SIGGRAPH Comput. Graph.},
 issue_date = {July 1984},
 volume = {18},
 number = {3},
 month = jan,
 year = {1984},
 issn = {0097-8930},
 pages = {253--259},
 numpages = {7},
 url = {http://doi.acm.org/10.1145/964965.808606},
 doi = {10.1145/964965.808606},
 acmid = {808606},
 publisher = {ACM},
 address = {New York, NY, USA},
 keywords = {Compositing, Graphics systems, Matte algebra, Matte channel, Visible surface algorithms},
} 

@inproceedings{Porter:1984:CDI:800031.808606,
 author = {Porter, Thomas and Duff, Tom},
 title = {Compositing Digital Images},
 booktitle = {Proceedings of the 11th Annual Conference on Computer Graphics and Interactive Techniques},
 series = {SIGGRAPH '84},
 year = {1984},
 isbn = {0-89791-138-5},
 pages = {253--259},
 numpages = {7},
 url = {http://doi.acm.org/10.1145/800031.808606},
 doi = {10.1145/800031.808606},
 acmid = {808606},
 publisher = {ACM},
 address = {New York, NY, USA},
 keywords = {Compositing, Graphics systems, Matte algebra, Matte channel, Visible surface algorithms},
} 
